<record><leader>00000cas a22000007a 4500</leader><controlfield tag="001">34919017</controlfield><controlfield tag="008">960612d19251927nyuwr ne      0    0eng d</controlfield><datafield ind1=" " ind2=" " tag="010"><subfield code="a">sn 96083586 </subfield></datafield><datafield ind1=" " ind2=" " tag="040"><subfield code="a">NYS</subfield><subfield code="b">eng</subfield><subfield code="c">NYS</subfield><subfield code="d">OCLCQ</subfield><subfield code="d">OCLCF</subfield><subfield code="d">OCLCO</subfield></datafield><datafield ind1="1" ind2=" " tag="029"><subfield code="a">AU@</subfield><subfield code="b">000024822957</subfield></datafield><datafield ind1=" " ind2=" " tag="042"><subfield code="a">msc</subfield></datafield><datafield ind1=" " ind2=" " tag="043"><subfield code="a">n-us-ny</subfield></datafield><datafield ind1="0" ind2=" " tag="130"><subfield code="a">Republican watchman (Greenport, N.Y. : 1925)</subfield></datafield><datafield ind1="1" ind2="0" tag="245"><subfield code="a">Republican watchman.</subfield></datafield><datafield ind1="1" ind2="3" tag="246"><subfield code="a">Greenport watchman</subfield></datafield><datafield ind1=" " ind2=" " tag="260"><subfield code="a">Greenport, N.Y. :</subfield><subfield code="b">Eastern Long Island Publications</subfield></datafield><datafield ind1=" " ind2=" " tag="300"><subfield code="a">v.</subfield></datafield><datafield ind1=" " ind2=" " tag="310"><subfield code="a">Weekly</subfield></datafield><datafield ind1="1" ind2=" " tag="362"><subfield code="a">Began in 1925; ceased in 1927?</subfield></datafield><datafield ind1=" " ind2=" " tag="588"><subfield code="a">Description based on: Vol. 99, no. 42 (Feb. 21, 1925).</subfield></datafield><datafield ind1=" " ind2="0" tag="651"><subfield code="a">Greenport (N.Y.)</subfield><subfield code="v">Newspapers.</subfield></datafield><datafield ind1=" " ind2="0" tag="651"><subfield code="a">Mattituck (N.Y.)</subfield><subfield code="v">Newspapers.</subfield></datafield><datafield ind1=" " ind2="0" tag="651"><subfield code="a">Suffolk County (N.Y.)</subfield><subfield code="v">Newspapers.</subfield></datafield><datafield ind1=" " ind2="7" tag="655"><subfield code="a">Newspapers.</subfield><subfield code="2">fast</subfield><subfield code="0">(OCoLC)fst01423814</subfield></datafield><datafield ind1=" " ind2="7" tag="651"><subfield code="a">New York (State)</subfield><subfield code="z">Greenport.</subfield><subfield code="2">fast</subfield><subfield code="0">(OCoLC)fst01204143</subfield></datafield><datafield ind1=" " ind2="7" tag="651"><subfield code="a">New York (State)</subfield><subfield code="z">Mattituck.</subfield><subfield code="2">fast</subfield><subfield code="0">(OCoLC)fst01881773</subfield></datafield><datafield ind1=" " ind2="7" tag="651"><subfield code="a">New York (State)</subfield><subfield code="z">Suffolk County.</subfield><subfield code="2">fast</subfield><subfield code="0">(OCoLC)fst01207260</subfield></datafield><datafield ind1=" " ind2=" " tag="752"><subfield code="a">United States</subfield><subfield code="b">New York</subfield><subfield code="c">Suffolk</subfield><subfield code="d">Greenport.</subfield></datafield><datafield ind1="0" ind2="1" tag="780"><subfield code="t">Republican watchman and the Mattituck reporter</subfield><subfield code="w">(DLC)sn 96083584</subfield><subfield code="w">(OCoLC)34918985</subfield></datafield><datafield ind1="0" ind2="7" tag="785"><subfield code="t">Mattituck reporter (Greenport, N.Y.)</subfield><subfield code="w">(DLC)sn 96083585</subfield><subfield code="w">(OCoLC)34919069</subfield></datafield><datafield ind1="0" ind2="7" tag="785"><subfield code="t">Watchman of the Sunrise trail</subfield><subfield code="w">(DLC)sn 96083587</subfield><subfield code="w">(OCoLC)34919100</subfield></datafield></record>